@misc{ng_lecture,
title = {Lecture Notes 12, Reinforcement Learning and Control},
author = {Andrew Ng},
howpublished = {\url{http://cs229.stanford.edu/materials.html}},
}
@article{musze,
author = {R\'{e}mi Munos and Csaba Szepesv\'{a}ri},
title = {Finite-time bounds for fitted value iteration},
publisher = {The Journal ofMachine Learning Research, 9:815â€“857},
year = {2008}
}
